<?xml version="1.0" encoding="UTF-8"?><record xmlns="http://www.loc.gov/MARC21/slim" xmlns:cinclude="http://apache.org/cocoon/include/1.0" xmlns:zs="http://www.loc.gov/zing/srw/">
  <leader>00557nz  a2200133n  4500</leader>
  <controlfield tag="001">no2004079700</controlfield>
  <controlfield tag="003">DLC</controlfield>
  <controlfield tag="005">20040820052116.0</controlfield>
  <controlfield tag="008">040819n| acannaabn          |n aaa     c</controlfield>
  <datafield tag="010" ind1=" " ind2=" ">
    <subfield code="a">no2004079700</subfield>
  </datafield>
  <datafield tag="035" ind1=" " ind2=" ">
    <subfield code="a">(OCoLC)oca06421952</subfield>
  </datafield>
  <datafield tag="040" ind1=" " ind2=" ">
    <subfield code="a">DGU-L</subfield>
    <subfield code="b">eng</subfield>
    <subfield code="c">DGU-L</subfield>
  </datafield>
  <datafield tag="100" ind1="1" ind2=" ">
    <subfield code="a">Homminga, Sjoerd</subfield>
  </datafield>
  <datafield tag="670" ind1=" " ind2=" ">
    <subfield code="a">Master series in mediation. nr. 1, Another new girlfriend, c2003:</subfield>
    <subfield code="b">case (Drs. Sjoerd Homminga is a psychologist since 1970 and mediator since 1997 ... a leading trainer in The Netherlands and other countries on Basic Advanced and Master Class Mediation issues)</subfield>
  </datafield>
</record>